

@booklet{bowman,
    title={Math 117/118: {H}onours {C}alculus},
    author={Bowman, John C.},
    address={Edmonton, {C}anada},
    month={May},
    year={2017},
    URL={https://www.math.ualberta.ca/~bowman/m117/m117.pdf}
}
@booklet{runde,
    title={Advanced {H}onors {C}alculus, {I} {a}nd {II}},
    author={Runde, Volker},
    date={4},
    month={October},
    year={2017},
    URL={http://www.math.ualberta.ca/~bowman/m217/m217.pdf}
}

@book{cormen,
    title={{I}ntroduction {t}o {A}lgorithms},
    author={Cormen, Thomas H. and Leiserson, Charles E. and Rivest, Ronald L. and Stein, Clifford},
    publisher={{T}he {M}IT {P}ress},
    year={2009},
    address={Cambridge, Massachusetts},
    edition={Third},
}

@book{wackerly,
	title={Mathematical Statistics with Applicaitons},
	author={Wackerly, Dennis D. and Mendenhall, William and Scheaffer, Richard L.},
	publisher={{B}rooks/{C}ole, {C}engage {L}earning},
	year={2008},
	address={Belmont, California},
	edition={Seventh}
}

@book{hungerford,
    title={Algebra},
    author={Hungerford, Thomas W.},
    publisher={{S}pringer-Verlag},
    series={Graduate Texts in Mathematics},
    volume={73},
    year={1974},
    address={New York, New York},
    isbn={978-1-4612-6103-2}
}
